@article{arulampalam2002tutorial,
  title={A tutorial on particle filters for online nonlinear/non-Gaussian Bayesian tracking},
  author={Arulampalam, M Sanjeev and Maskell, Simon and Gordon, Neil and Clapp, Tim},
  journal={IEEE Transactions on signal processing},
  volume={50},
  number={2},
  pages={174--188},
  year={2002},
  publisher={Ieee}
}
@book{simon2006optimal,
  title={Optimal state estimation: Kalman, H infinity, and nonlinear approaches},
  author={Simon, Dan},
  year={2006},
  publisher={John Wiley \& Sons}
}