@article{feng2009error,
  title={Error minimized extreme learning machine with growth of hidden nodes and incremental learning},
  author={Feng, Guorui and Huang, Guang-Bin and Lin, Qingping and Gay, Robert},
  journal={IEEE Transactions on Neural Networks},
  volume={20},
  number={8},
  pages={1352--1357},
  year={2009},
  publisher={IEEE}
}
@Misc{investing.com, 
title={Financial Times Stock Exchange 100 Index}, 
author = {FTSE Group},
howpublished = {\url{https://www.investing.com/indices/uk-100-historical-data/}},  
note = {Accessed Dec 4, 2017},   
}  
@Misc{MackeyGlass, 
title={Mackey-Glass time series generator}, 
author = {Marco Cococcioni},
howpublished = {\url{https://uk.mathworks.com/matlabcentral/fileexchange/24390-mackey-glass-time-series-generator/}},  
note = {Accessed Dec 4, 2017},   
}  
@article{mackey1977oscillation,
  title={Oscillation and chaos in physiological control systems},
  author={Mackey, Michael C and Glass, Leon and others},
  journal={Science},
  volume={197},
  number={4300},
  pages={287--289},
  year={1977}
}
@inproceedings{ioffe2015batch,
  title={Batch normalization: Accelerating deep network training by reducing internal covariate shift},
  author={Ioffe, Sergey and Szegedy, Christian},
  booktitle={International Conference on Machine Learning},
  pages={448--456},
  year={2015}
}