@article{bkassiny2013survey,
  title={A survey on machine-learning techniques in cognitive radios},
  author={Bkassiny, Mario and Li, Yang and Jayaweera, Sudharman K},
  journal={IEEE Communications Surveys \& Tutorials},
  volume={15},
  number={3},
  pages={1136--1159},
  year={2013},
  publisher={IEEE}
}
@article{haykin2005cognitive,
  title={Cognitive radio: brain-empowered wireless communications},
  author={Haykin, Simon},
  journal={IEEE journal on selected areas in communications},
  volume={23},
  number={2},
  pages={201--220},
  year={2005},
  publisher={IEEE}
}
@article{liang2013cooperative,
  title={Cooperative communication between cognitive and primary users},
  author={Liang, Wei and Ng, Soon Xin and Hanzo, Lajos},
  journal={IET Communications},
  volume={7},
  number={17},
  pages={1982--1992},
  year={2013},
  publisher={IET}
}
@book{barron2013game,
  title={Game theory: an introduction},
  author={Barron, Emmanual N},
  volume={2},
  year={2013},
  publisher={John Wiley \& Sons}
}
@article{o2017introduction,
  title={An introduction to deep learning for the physical layer},
  author={Oâ€™Shea, Timothy and Hoydis, Jakob},
  journal={IEEE Transactions on Cognitive Communications and Networking},
  volume={3},
  number={4},
  pages={563--575},
  year={2017},
  publisher={IEEE}
}
@Misc{kate2017ANN, 
title={Artificial Neural Networks}, 
author = {Kate Farrahi},
howpublished = {\url{https://secure.ecs.soton.ac.uk/notes/comp6229/l7_neuralnetworks.pdf}},  
note = {Accessed Mar 21, 2017},   
} 
@Misc{adam2017SVM, 
title={Support Vector Machines}, 
author = {Adam Prugel-Bennett},
howpublished = {\url{https://secure.ecs.soton.ac.uk/notes/comp6208/lectures/supportVec_prn.pdf}},  
note = {Accessed Mar 21, 2017},   
} 
@article{hasna2003end,
  title={End-to-end performance of transmission systems with relays over Rayleigh-fading channels},
  author={Hasna, Mazen O and Alouini, M-S},
  journal={IEEE transactions on Wireless Communications},
  volume={2},
  number={6},
  pages={1126--1131},
  year={2003},
  publisher={IEEE}
}
@article{nasrabadi2007pattern,
  title={Pattern recognition and machine learning},
  author={Nasrabadi, Nasser M},
  journal={Journal of electronic imaging},
  volume={16},
  number={4},
  pages={049901},
  year={2007},
  publisher={International Society for Optics and Photonics}
}
@article{mitola1999cognitive,
  title={Cognitive radio: making software radios more personal},
  author={Mitola, Joseph and Maguire, Gerald Q},
  journal={IEEE personal communications},
  volume={6},
  number={4},
  pages={13--18},
  year={1999},
  publisher={IEEE}
}
@inproceedings{mchenry2006chicago,
  title={Chicago spectrum occupancy measurements \& analysis and a long-term studies proposal},
  author={McHenry, Mark A and Tenhula, Peter A and McCloskey, Dan and Roberson, Dennis A and Hood, Cynthia S},
  booktitle={Proceedings of the first international workshop on Technology and policy for accessing spectrum},
  pages={1},
  year={2006},
  organization={ACM}
}
@inproceedings{islam2008spectrum,
  title={Spectrum survey in Singapore: Occupancy measurements and analyses},
  author={Islam, Md Habibul and Koh, Choo Leng and Oh, Ser Wah and Qing, Xianming and Lai, Yoke Yong and Wang, Cavin and Liang, Ying-Chang and Toh, Bee Eng and Chin, Francois and Tan, Geok Leng and others},
  booktitle={Cognitive Radio Oriented Wireless Networks and Communications, 2008. CrownCom 2008. 3rd International Conference on},
  pages={1--7},
  year={2008},
  organization={IEEE}
}
@article{jayaweera2011radiobots,
  title={Radiobots: Architecture, algorithms and realtime reconfigurable antenna designs for autonomous, self-learning future cognitive radios},
  author={Jayaweera, Sudharman and Christodoulou, Christos},
  year={2011}
}
@article{he2010survey,
  title={A survey of artificial intelligence for cognitive radios},
  author={He, An and Bae, Kyung Kyoon and Newman, Timothy R and Gaeddert, Joseph and Kim, Kyouwoong and Menon, Rekha and Morales-Tirado, Lizdabel and Zhao, Youping and Reed, Jeffrey H and Tranter, William H and others},
  journal={IEEE Transactions on Vehicular Technology},
  volume={59},
  number={4},
  pages={1578--1592},
  year={2010},
  publisher={IEEE}
}
@book{sutton1998reinforcement,
  title={Reinforcement learning: An introduction},
  author={Sutton, Richard S and Barto, Andrew G},
  volume={1},
  number={1},
  year={1998},
  publisher={MIT press Cambridge}
}
@inproceedings{bkassiny2011distributed,
  title={Distributed Reinforcement Learning based MAC protocols for autonomous cognitive secondary users},
  author={Bkassiny, Mario and Jayaweera, Sudharman K and Avery, Keith A},
  booktitle={Wireless and Optical Communications Conference (WOCC), 2011 20th Annual},
  pages={1--6},
  year={2011},
  organization={IEEE}
}
@Misc{kate2017ANN, 
title={Artificial Neural Networks}, 
author = {Kate Farrahi},
howpublished = {\url{https://secure.ecs.soton.ac.uk/notes/comp6229/l7_neuralnetworks.pdf}},  
note = {Accessed Mar 21, 2017},   
} 
@Misc{adam2017SVM, 
title={Support Vector Machines}, 
author = {Adam Prugel-Bennett},
howpublished = {\url{https://secure.ecs.soton.ac.uk/notes/comp6208/lectures/supportVec_prn.pdf}},  
note = {Accessed Mar 21, 2017},   
} 
@book{schalkoff1997artificial,
  title={Artificial neural networks},
  author={Schalkoff, Robert J},
  volume={1},
  year={1997},
  publisher={McGraw-Hill New York}
}
@inproceedings{tumuluru2010neural,
  title={A neural network based spectrum prediction scheme for cognitive radio},
  author={Tumuluru, Vamsi Krishna and Wang, Ping and Niyato, Dusit},
  booktitle={Communications (ICC), 2010 IEEE International Conference on},
  pages={1--5},
  year={2010},
  organization={IEEE}
}
@article{tsagkaris2008neural,
  title={Neural network-based learning schemes for cognitive radio systems},
  author={Tsagkaris, Kostas and Katidiotis, Apostolos and Demestichas, Panagiotis},
  journal={Computer Communications},
  volume={31},
  number={14},
  pages={3394--3404},
  year={2008},
  publisher={Elsevier}
}
@inproceedings{yau2010applications,
  title={Applications of reinforcement learning to cognitive radio networks},
  author={Yau, Kok-Lim Alvin and Komisarczuk, Peter and Teal, Paul D},
  booktitle={Communications Workshops (ICC), 2010 IEEE International Conference on},
  pages={1--6},
  year={2010},
  organization={IEEE}
}
@inproceedings{hu2008signal,
  title={Signal classification based on spectral correlation analysis and SVM in cognitive radio},
  author={Hu, Hao and Wang, Yujing and Song, Junde},
  booktitle={Advanced Information Networking and Applications, 2008. AINA 2008. 22nd International Conference on},
  pages={883--887},
  year={2008},
  organization={IEEE}
}
@inproceedings{fehske2005new,
  title={A new approach to signal classification using spectral correlation and neural networks},
  author={Fehske, A and Gaeddert, J and Reed, Jeffrey H},
  booktitle={New Frontiers in Dynamic Spectrum Access Networks, 2005. DySPAN 2005. 2005 First IEEE International Symposium on},
  pages={144--150},
  year={2005},
  organization={IEEE}
}
@article{pan2010survey,
  title={A survey on transfer learning},
  author={Pan, Sinno Jialin and Yang, Qiang},
  journal={IEEE Transactions on knowledge and data engineering},
  volume={22},
  number={10},
  pages={1345--1359},
  year={2010},
  publisher={IEEE}
}